<record><leader>00000cas a2200000 a 4500</leader><controlfield tag="001">10093931</controlfield><controlfield tag="008">831104d18971898nyuwr ne      0    0eng c</controlfield><datafield ind1=" " ind2=" " tag="010"><subfield code="a">sn 83031576 </subfield></datafield><datafield ind1=" " ind2=" " tag="040"><subfield code="a">NPU</subfield><subfield code="b">eng</subfield><subfield code="c">NPU</subfield><subfield code="d">NPX</subfield><subfield code="d">YOX</subfield><subfield code="d">DLC</subfield><subfield code="d">OCL</subfield><subfield code="d">NYS</subfield><subfield code="d">OCLCQ</subfield><subfield code="d">KRTAS</subfield><subfield code="d">OCLCQ</subfield><subfield code="d">OCLCF</subfield><subfield code="d">OCLCO</subfield></datafield><datafield ind1=" " ind2=" " tag="019"><subfield code="a">10089249</subfield><subfield code="a">10093772</subfield></datafield><datafield ind1="1" ind2=" " tag="029"><subfield code="a">AU@</subfield><subfield code="b">000020418193</subfield></datafield><datafield ind1=" " ind2=" " tag="042"><subfield code="a">pcc</subfield></datafield><datafield ind1=" " ind2=" " tag="043"><subfield code="a">n-us-ny</subfield></datafield><datafield ind1="0" ind2=" " tag="130"><subfield code="a">Mount Vernon record (Mount Vernon, N.Y. : 1897)</subfield></datafield><datafield ind1="1" ind2="0" tag="245"><subfield code="a">Mount Vernon record.</subfield></datafield><datafield ind1="3" ind2="0" tag="246"><subfield code="a">Pelham record</subfield></datafield><datafield ind1="3" ind2="0" tag="246"><subfield code="a">Record, Pelham, N.Y.</subfield></datafield><datafield ind1="1" ind2="3" tag="246"><subfield code="a">Mt. Vernon record</subfield></datafield><datafield ind1=" " ind2=" " tag="260"><subfield code="a">Mount Vernon, N.Y. :</subfield><subfield code="b">Record Pub. Co.,</subfield><subfield code="c">1897-1898.</subfield></datafield><datafield ind1=" " ind2=" " tag="300"><subfield code="a">4 v. :</subfield><subfield code="b">ill. ;</subfield><subfield code="c">55 cm.</subfield></datafield><datafield ind1=" " ind2=" " tag="310"><subfield code="a">Weekly</subfield></datafield><datafield ind1="0" ind2=" " tag="362"><subfield code="a">Vol. 14, no. 1 (Feb. 5, 1897)-v. 17, no. 30 (Aug. 26, 1898).</subfield></datafield><datafield ind1=" " ind2=" " tag="500"><subfield code="a">"Official city and county Republican newspaper."</subfield></datafield><datafield ind1=" " ind2=" " tag="500"><subfield code="a">Issues for May 14-Sept. 3, 1897 have section: The Pelham record. Issues for Sept. 10, 1897-Aug. 26, 1898 have section: The Record, Pelham, N.Y.</subfield></datafield><datafield ind1=" " ind2=" " tag="515"><subfield code="a">The May 14, 1897 section, The Pelham record, is numbered Vol. 1, no. 1. Numbering is dropped for all subsequent sections.</subfield></datafield><datafield ind1=" " ind2=" " tag="530"><subfield code="a">Also issued on microfilm from the New York Public Library.</subfield></datafield><datafield ind1=" " ind2="0" tag="651"><subfield code="a">Mount Vernon (Westchester County, N.Y.)</subfield><subfield code="v">Newspapers.</subfield></datafield><datafield ind1=" " ind2="0" tag="651"><subfield code="a">Pelham (N.Y.)</subfield><subfield code="v">Newspapers.</subfield></datafield><datafield ind1=" " ind2="0" tag="651"><subfield code="a">Westchester County (N.Y.)</subfield><subfield code="v">Newspapers.</subfield></datafield><datafield ind1=" " ind2="7" tag="655"><subfield code="a">Newspapers.</subfield><subfield code="2">fast</subfield><subfield code="0">(OCoLC)fst01423814</subfield></datafield><datafield ind1=" " ind2="7" tag="651"><subfield code="a">New York (State)</subfield><subfield code="z">Mount Vernon (Westchester County)</subfield><subfield code="2">fast</subfield><subfield code="0">(OCoLC)fst01313702</subfield></datafield><datafield ind1=" " ind2="7" tag="651"><subfield code="a">New York (State)</subfield><subfield code="z">Pelham.</subfield><subfield code="2">fast</subfield><subfield code="0">(OCoLC)fst01250458</subfield></datafield><datafield ind1=" " ind2="7" tag="651"><subfield code="a">New York (State)</subfield><subfield code="z">Westchester County.</subfield><subfield code="2">fast</subfield><subfield code="0">(OCoLC)fst01202684</subfield></datafield><datafield ind1=" " ind2=" " tag="752"><subfield code="a">United States</subfield><subfield code="b">New York</subfield><subfield code="c">Westchester</subfield><subfield code="d">Mount Vernon.</subfield></datafield><datafield ind1="0" ind2="0" tag="780"><subfield code="t">Record (Mount Vernon, N.Y.)</subfield><subfield code="w">(DLC)sn 83031577</subfield><subfield code="w">(OCoLC)10094065</subfield></datafield><datafield ind1="0" ind2="7" tag="785"><subfield code="t">Chronicle (Mount Vernon, N.Y.)</subfield><subfield code="w">(DLC)sn 83031256</subfield></datafield><datafield ind1="0" ind2="7" tag="785"><subfield code="t">Chronicle-record</subfield><subfield code="w">(DLC)sn 83031583</subfield><subfield code="w">(OCoLC)10106555</subfield></datafield><datafield ind1=" " ind2=" " tag="938"><subfield code="a">Kirtas Technologies, Inc.</subfield><subfield code="b">KRTS</subfield><subfield code="n">737642</subfield></datafield></record>